@misc{geocountries,
  author =       "{Data Packaged Core Datasets}",
  title =        "{Data Packaged Core Datasets}",
  year =         "2017",
  url =          "https://github.com/datasets/geo-countries",
}
